<record xmlns="http://www.openarchives.org/OAI/2.0/" xmlns:xsi="http://www.w3.org/2001/XMLSchema-instance">
  <header>
    <identifier>oai:www.openaccessrepository.it:7151</identifier>
    <datestamp>2016-06-29T14:35:13Z</datestamp>
    <setSpec>dataset:aleph</setSpec>
    <setSpec>openaire</setSpec>
  </header>
  <metadata>irods://data.repo.cineca.it:1247/CINECA01/home/DRES_EUDalep/dati/ZD4000.86.AL,11100/1c5c1fb2-cbe6-11e3-a0f1-e41f13eb41b2eng<marc:record xmlns:marc="http://www.loc.gov/MARC21/slim" xmlns:xsi="http://www.w3.org/2001/XMLSchema-instance" xsi:schemaLocation="http://www.loc.gov/MARC21/slim http://www.loc.gov/standards/marcxml/schema/MARC21slim.xsd" type="Bibliographic"><marc:leader>00000coc  2200000uu 4500</marc:leader><marc:controlfield tag="001">7151</marc:controlfield><marc:controlfield tag="005">20160629143513.0</marc:controlfield><marc:datafield tag="024" ind1="7" ind2=" "><marc:subfield code="2">Handle</marc:subfield><marc:subfield code="a">irods://data.repo.cineca.it:1247/CINECA01/home/DRES_EUDalep/dati/ZD4000.86.AL,11100/1c5c1fb2-cbe6-11e3-a0f1-e41f13eb41b2</marc:subfield></marc:datafield><marc:datafield tag="695" ind1=" " ind2=" "><marc:subfield code="2">HEP CERN LEP ALEPH MINI RealData 2000</marc:subfield></marc:datafield><marc:datafield tag="980" ind1=" " ind2=" "><marc:subfield code="a">DATASETREALDATA</marc:subfield></marc:datafield><marc:datafield tag="999" ind1=" " ind2=" "><marc:subfield code="9">Marcello Maggi</marc:subfield><marc:subfield code="c">1821152968</marc:subfield><marc:subfield code="s">324340920</marc:subfield></marc:datafield><marc:datafield tag="999" ind1="C" ind2="5"><marc:subfield code="t">Search for neutral Higgs bosons decaying into four taus at LEP2</marc:subfield><marc:subfield code="a">10.1007/JHEP05(2010)049</marc:subfield><marc:subfield code="y">2010</marc:subfield><marc:subfield code="o">[1]</marc:subfield><marc:subfield code="r">PUBLICATIONINFN-2014-001</marc:subfield><marc:subfield code="o">[1]</marc:subfield></marc:datafield><marc:datafield tag="999" ind1="C" ind2="5"><marc:subfield code="a">10.5072/oar.it/1411041136.04 </marc:subfield><marc:subfield code="t">ALEPH SCL5 Virtual Machine for Research Environment</marc:subfield><marc:subfield code="r">SOFTWAREALEPH-2014-001</marc:subfield><marc:subfield code="o">[2]</marc:subfield></marc:datafield><marc:datafield tag="710" ind1=" " ind2=" "><marc:subfield code="g">ALEPH Collaboration</marc:subfield></marc:datafield><marc:datafield tag="856" ind1="4" ind2=" "><marc:subfield code="u">irods://data.repo.cineca.it:1247/CINECA01/home/DRES_EUDalep/dati/ZD4000.86.AL</marc:subfield><marc:subfield code="y">ALEPH</marc:subfield></marc:datafield><marc:datafield tag="909" ind1="C" ind2="O"><marc:subfield code="o">oai:www.openaccessrepository.it:7151</marc:subfield><marc:subfield code="p">openaire</marc:subfield><marc:subfield code="p">dataset:aleph</marc:subfield></marc:datafield><marc:datafield tag="245" ind1=" " ind2=" "><marc:subfield code="9">ALEPH</marc:subfield><marc:subfield code="a">LEP Data from The ALEPH Collaboration year 2000 datafile ZD4000.86.AL</marc:subfield></marc:datafield><marc:datafield tag="260" ind1=" " ind2=" "><marc:subfield code="c">2014-09-01</marc:subfield></marc:datafield><marc:datafield tag="520" ind1=" " ind2=" "><marc:subfield code="9">ALEPH</marc:subfield><marc:subfield code="a">Run contents for this data file &lt;table border="1"&gt; &lt;tr&gt; &lt;th&gt;Run #&lt;/th&gt;&lt;th&gt;Nevents&lt;/th&gt;&lt;th&gt;Length (Mb)&lt;/th&gt;&lt;th&gt;LEP energy&lt;/th&gt;&lt;th&gt;Nb of Z0s&lt;/th&gt;&lt;/tr&gt; &lt;tr&gt; &lt;td&gt;55043&lt;/td&gt;&lt;td&gt;3665&lt;/td&gt;&lt;td&gt;7.737&lt;/td&gt;&lt;td&gt;207.929&lt;/td&gt;&lt;td&gt;1&lt;/td&gt;&lt;/tr&gt; &lt;tr&gt; &lt;td&gt;55045&lt;/td&gt;&lt;td&gt;7248&lt;/td&gt;&lt;td&gt;17.418&lt;/td&gt;&lt;td&gt;205.123&lt;/td&gt;&lt;td&gt;13&lt;/td&gt;&lt;/tr&gt; &lt;tr&gt; &lt;td&gt;55046&lt;/td&gt;&lt;td&gt;299&lt;/td&gt;&lt;td&gt;0.724&lt;/td&gt;&lt;td&gt;205.200&lt;/td&gt;&lt;td&gt;-1&lt;/td&gt;&lt;/tr&gt; &lt;tr&gt; &lt;td&gt;55047&lt;/td&gt;&lt;td&gt;965&lt;/td&gt;&lt;td&gt;2.219&lt;/td&gt;&lt;td&gt;206.563&lt;/td&gt;&lt;td&gt;1&lt;/td&gt;&lt;/tr&gt; &lt;tr&gt; &lt;td&gt;55049&lt;/td&gt;&lt;td&gt;12486&lt;/td&gt;&lt;td&gt;30.972&lt;/td&gt;&lt;td&gt;205.101&lt;/td&gt;&lt;td&gt;11&lt;/td&gt;&lt;/tr&gt; &lt;tr&gt; &lt;td&gt;55050&lt;/td&gt;&lt;td&gt;12020&lt;/td&gt;&lt;td&gt;27.715&lt;/td&gt;&lt;td&gt;206.566&lt;/td&gt;&lt;td&gt;12&lt;/td&gt;&lt;/tr&gt; &lt;tr&gt; &lt;td&gt;55053&lt;/td&gt;&lt;td&gt;7961&lt;/td&gt;&lt;td&gt;20.144&lt;/td&gt;&lt;td&gt;205.095&lt;/td&gt;&lt;td&gt;6&lt;/td&gt;&lt;/tr&gt; &lt;tr&gt; &lt;td&gt;55054&lt;/td&gt;&lt;td&gt;3733&lt;/td&gt;&lt;td&gt;7.607&lt;/td&gt;&lt;td&gt;206.570&lt;/td&gt;&lt;td&gt;2&lt;/td&gt;&lt;/tr&gt; &lt;tr&gt; &lt;td&gt;55056&lt;/td&gt;&lt;td&gt;3661&lt;/td&gt;&lt;td&gt;9.140&lt;/td&gt;&lt;td&gt;205.110&lt;/td&gt;&lt;td&gt;5&lt;/td&gt;&lt;/tr&gt; &lt;tr&gt; &lt;td&gt;55057&lt;/td&gt;&lt;td&gt;999&lt;/td&gt;&lt;td&gt;2.071&lt;/td&gt;&lt;td&gt;205.296&lt;/td&gt;&lt;td&gt;3&lt;/td&gt;&lt;/tr&gt; &lt;tr&gt; &lt;td&gt;55059&lt;/td&gt;&lt;td&gt;8870&lt;/td&gt;&lt;td&gt;21.888&lt;/td&gt;&lt;td&gt;205.116&lt;/td&gt;&lt;td&gt;13&lt;/td&gt;&lt;/tr&gt; &lt;tr&gt; &lt;td&gt;55060&lt;/td&gt;&lt;td&gt;1976&lt;/td&gt;&lt;td&gt;4.739&lt;/td&gt;&lt;td&gt;206.471&lt;/td&gt;&lt;td&gt;4&lt;/td&gt;&lt;/tr&gt; &lt;tr&gt; &lt;td&gt;55063&lt;/td&gt;&lt;td&gt;1593&lt;/td&gt;&lt;td&gt;3.958&lt;/td&gt;&lt;td&gt;205.115&lt;/td&gt;&lt;td&gt;2&lt;/td&gt;&lt;/tr&gt; &lt;tr&gt; &lt;td&gt;55068&lt;/td&gt;&lt;td&gt;5158&lt;/td&gt;&lt;td&gt;12.658&lt;/td&gt;&lt;td&gt;205.099&lt;/td&gt;&lt;td&gt;3&lt;/td&gt;&lt;/tr&gt; &lt;tr&gt; &lt;td&gt;55069&lt;/td&gt;&lt;td&gt;6757&lt;/td&gt;&lt;td&gt;16.155&lt;/td&gt;&lt;td&gt;206.574&lt;/td&gt;&lt;td&gt;7&lt;/td&gt;&lt;/tr&gt; &lt;tr&gt; &lt;td&gt;55071&lt;/td&gt;&lt;td&gt;7256&lt;/td&gt;&lt;td&gt;18.409&lt;/td&gt;&lt;td&gt;205.054&lt;/td&gt;&lt;td&gt;8&lt;/td&gt;&lt;/tr&gt; &lt;tr&gt; &lt;td&gt;55072&lt;/td&gt;&lt;td&gt;14082&lt;/td&gt;&lt;td&gt;34.227&lt;/td&gt;&lt;td&gt;206.551&lt;/td&gt;&lt;td&gt;20&lt;/td&gt;&lt;/tr&gt; &lt;tr&gt; &lt;td&gt;55074&lt;/td&gt;&lt;td&gt;6511&lt;/td&gt;&lt;td&gt;16.462&lt;/td&gt;&lt;td&gt;205.057&lt;/td&gt;&lt;td&gt;7&lt;/td&gt;&lt;/tr&gt; &lt;tr&gt; &lt;td&gt;55075&lt;/td&gt;&lt;td&gt;9530&lt;/td&gt;&lt;td&gt;22.657&lt;/td&gt;&lt;td&gt;206.607&lt;/td&gt;&lt;td&gt;16&lt;/td&gt;&lt;/tr&gt; &lt;tr&gt; &lt;td&gt;55077&lt;/td&gt;&lt;td&gt;3481&lt;/td&gt;&lt;td&gt;8.667&lt;/td&gt;&lt;td&gt;205.093&lt;/td&gt;&lt;td&gt;6&lt;/td&gt;&lt;/tr&gt; &lt;tr&gt; &lt;td&gt;55082&lt;/td&gt;&lt;td&gt;14786&lt;/td&gt;&lt;td&gt;36.954&lt;/td&gt;&lt;td&gt;205.086&lt;/td&gt;&lt;td&gt;17&lt;/td&gt;&lt;/tr&gt; &lt;tr&gt;&lt;/table&gt; Total file length :   305.594 Mbytes</marc:subfield></marc:datafield><marc:datafield tag="500" ind1=" " ind2=" "><marc:subfield code="f">ALEPH - INFN</marc:subfield></marc:datafield><marc:datafield tag="650" ind1="1" ind2="7"><marc:subfield code="a">High Energy Physics</marc:subfield></marc:datafield><marc:datafield tag="269" ind1=" " ind2=" "><marc:subfield code="c">2000</marc:subfield></marc:datafield><marc:datafield tag="041" ind1=" " ind2=" "><marc:subfield code="a">eng</marc:subfield></marc:datafield><marc:datafield tag="042" ind1=" " ind2=" "><marc:subfield code="a">Researchers</marc:subfield></marc:datafield><marc:datafield tag="043" ind1=" " ind2=" "><marc:subfield code="a">info:eu-repo/semantics/other</marc:subfield></marc:datafield><marc:datafield tag="100" ind1=" " ind2=" "><marc:subfield code="a">Marcello Maggi</marc:subfield></marc:datafield></marc:record>
</metadata>
</record>
